{
    "info": {
        "Nasdaq_Traded": "Y",
        "Symbol": "AGO",
        "Security_Name": "Assured Guaranty Ltd. Common Stock",
        "Listing_Exchange": "N",
        "Market_Category": "",
        "ETF": "N",
        "Round_Lot_Size": "100.0",
        "Test_Issue": "N",
        "Financial_Status": "",
        "CQS_Symbol": "AGO",
        "NASDAQ_Symbol": "AGO",
        "NextShares": "N"
    },
    "history": [],
    "recommendationTrend": {
        "trend": [
            {
                "period": "0m",
                "strongBuy": 2,
                "buy": 2,
                "hold": 0,
                "sell": 0,
                "strongSell": 0
            },
            {
                "period": "-1m",
                "strongBuy": 1,
                "buy": 2,
                "hold": 1,
                "sell": 0,
                "strongSell": 0
            },
            {
                "period": "-2m",
                "strongBuy": 1,
                "buy": 2,
                "hold": 1,
                "sell": 0,
                "strongSell": 0
            },
            {
                "period": "-3m",
                "strongBuy": 2,
                "buy": 2,
                "hold": 0,
                "sell": 0,
                "strongSell": 0
            }
        ],
        "maxAge": 86400
    },
    "summaryDetail": {
        "maxAge": 1,
        "priceHint": 2,
        "previousClose": 61.38,
        "open": 61.77,
        "dayLow": 61.11,
        "dayHigh": 62.3175,
        "regularMarketPreviousClose": 61.38,
        "regularMarketOpen": 61.77,
        "regularMarketDayLow": 61.11,
        "regularMarketDayHigh": 62.3175,
        "dividendRate": 1,
        "dividendYield": 0.0161,
        "exDividendDate": "2022-11-15T00:00:00.000Z",
        "payoutRatio": 0.24069999,
        "fiveYearAvgDividendYield": 1.88,
        "beta": 1.137571,
        "trailingPE": 15.664987,
        "forwardPE": 15.586466,
        "volume": 142170,
        "regularMarketVolume": 142170,
        "averageVolume": 309443,
        "averageVolume10days": 238710,
        "averageDailyVolume10Day": 238710,
        "bid": 0,
        "ask": 0,
        "bidSize": 900,
        "askSize": 800,
        "marketCap": 3731057920,
        "fiftyTwoWeekLow": 45.91,
        "fiftyTwoWeekHigh": 67.13,
        "priceToSalesTrailing12Months": 4.8018765,
        "fiftyDayAverage": 61.5396,
        "twoHundredDayAverage": 57.2156,
        "trailingAnnualDividendRate": 0.97,
        "trailingAnnualDividendYield": 0.015803194,
        "currency": "USD",
        "fromCurrency": null,
        "toCurrency": null,
        "lastMarket": null,
        "coinMarketCapLink": null,
        "algorithm": null,
        "tradeable": false
    },
    "earnings": {
        "maxAge": 86400,
        "earningsChart": {
            "quarterly": [
                {
                    "date": "4Q2021",
                    "actual": 3.88,
                    "estimate": 0.79
                },
                {
                    "date": "1Q2022",
                    "actual": 1.34,
                    "estimate": 0.82
                },
                {
                    "date": "2Q2022",
                    "actual": 0.46,
                    "estimate": 0.89
                },
                {
                    "date": "3Q2022",
                    "actual": 2.11,
                    "estimate": 0.84
                }
            ],
            "currentQuarterEstimate": 0.89,
            "currentQuarterEstimateDate": "4Q",
            "currentQuarterEstimateYear": 2022,
            "earningsDate": [
                1677099600,
                1677531600
            ]
        },
        "financialsChart": {
            "yearly": [
                {
                    "date": 2018,
                    "revenue": 1072000000,
                    "earnings": 521000000
                },
                {
                    "date": 2019,
                    "revenue": 942000000,
                    "earnings": 402000000
                },
                {
                    "date": 2020,
                    "revenue": 1023000000,
                    "earnings": 362000000
                },
                {
                    "date": 2021,
                    "revenue": 744000000,
                    "earnings": 389000000
                }
            ],
            "quarterly": [
                {
                    "date": "4Q2021",
                    "revenue": 190000000,
                    "earnings": 263000000
                },
                {
                    "date": "1Q2022",
                    "revenue": 316000000,
                    "earnings": 66000000
                },
                {
                    "date": "2Q2022",
                    "revenue": 158000000,
                    "earnings": -47000000
                },
                {
                    "date": "3Q2022",
                    "revenue": 113000000,
                    "earnings": 11000000
                }
            ]
        },
        "financialCurrency": "USD"
    },
    "calendarEvents": {
        "maxAge": 1,
        "earnings": {
            "earningsDate": [
                1677099600,
                1677531600
            ],
            "earningsAverage": 0.89,
            "earningsLow": 0.58,
            "earningsHigh": 1.01,
            "revenueAverage": 134100000,
            "revenueLow": 78000000,
            "revenueHigh": 190210000
        },
        "exDividendDate": "2022-11-15T00:00:00.000Z",
        "dividendDate": "2022-11-30T00:00:00.000Z"
    },
    "upgradeDowngradeHistory": {
        "history": [
            {
                "epochGradeDate": "2022-11-28T11:16:04.000Z",
                "firm": "Compass Point",
                "toGrade": "Buy",
                "fromGrade": "",
                "action": "init"
            },
            {
                "epochGradeDate": "2022-04-05T12:14:34.000Z",
                "firm": "UBS",
                "toGrade": "Neutral",
                "fromGrade": "Buy",
                "action": "down"
            },
            {
                "epochGradeDate": "2021-11-05T14:20:17.000Z",
                "firm": "MKM Partners",
                "toGrade": "Buy",
                "fromGrade": "",
                "action": "main"
            },
            {
                "epochGradeDate": "2020-01-16T13:25:49.000Z",
                "firm": "UBS",
                "toGrade": "Buy",
                "fromGrade": "",
                "action": "main"
            },
            {
                "epochGradeDate": "2019-08-19T11:17:57.000Z",
                "firm": "UBS",
                "toGrade": "Buy",
                "fromGrade": "",
                "action": "main"
            },
            {
                "epochGradeDate": "2017-10-04T16:40:38.000Z",
                "firm": "UBS",
                "toGrade": "Buy",
                "fromGrade": "",
                "action": "main"
            },
            {
                "epochGradeDate": "2017-02-28T13:50:29.000Z",
                "firm": "Keefe Bruyette & Woods",
                "toGrade": "Market Perform",
                "fromGrade": "Outperform",
                "action": "down"
            },
            {
                "epochGradeDate": "2015-11-09T10:36:27.000Z",
                "firm": "Macquarie",
                "toGrade": "Outperform",
                "fromGrade": "",
                "action": "main"
            },
            {
                "epochGradeDate": "2015-07-08T07:59:53.000Z",
                "firm": "BTIG Research",
                "toGrade": "Buy",
                "fromGrade": "Neutral",
                "action": "up"
            },
            {
                "epochGradeDate": "2015-06-29T08:05:17.000Z",
                "firm": "BTIG Research",
                "toGrade": "Neutral",
                "fromGrade": "Buy",
                "action": "down"
            },
            {
                "epochGradeDate": "2015-06-08T09:00:00.000Z",
                "firm": "Macquarie",
                "toGrade": "Outperform",
                "fromGrade": "",
                "action": "main"
            },
            {
                "epochGradeDate": "2015-05-14T09:00:00.000Z",
                "firm": "Keefe Bruyette & Woods",
                "toGrade": "Outperform",
                "fromGrade": "",
                "action": "main"
            },
            {
                "epochGradeDate": "2014-09-02T05:59:14.000Z",
                "firm": "Keefe Bruyette & Woods",
                "toGrade": "Outperform",
                "fromGrade": "",
                "action": "init"
            },
            {
                "epochGradeDate": "2014-07-07T20:22:15.000Z",
                "firm": "UBS",
                "toGrade": "Buy",
                "fromGrade": "",
                "action": "main"
            },
            {
                "epochGradeDate": "2014-03-10T08:00:00.000Z",
                "firm": "Macquarie",
                "toGrade": "Outperform",
                "fromGrade": "",
                "action": "main"
            },
            {
                "epochGradeDate": "2013-10-04T09:38:22.000Z",
                "firm": "Macquarie",
                "toGrade": "Outperform",
                "fromGrade": "Neutral",
                "action": "up"
            },
            {
                "epochGradeDate": "2013-01-28T10:20:07.000Z",
                "firm": "UBS",
                "toGrade": "Buy",
                "fromGrade": "",
                "action": "main"
            },
            {
                "epochGradeDate": "2012-08-07T08:10:00.000Z",
                "firm": "BTIG Research",
                "toGrade": "Buy",
                "fromGrade": "",
                "action": "main"
            },
            {
                "epochGradeDate": "2012-05-24T12:15:00.000Z",
                "firm": "UBS",
                "toGrade": "Buy",
                "fromGrade": "",
                "action": "up"
            },
            {
                "epochGradeDate": "2012-04-04T10:18:00.000Z",
                "firm": "UBS",
                "toGrade": "Neutral",
                "fromGrade": "",
                "action": "down"
            }
        ],
        "maxAge": 86400
    },
    "price": {
        "maxAge": 1,
        "preMarketSource": "FREE_REALTIME",
        "postMarketChangePercent": -0.000642792,
        "postMarketChange": -0.0400009,
        "postMarketTime": "2023-01-06T21:01:02.000Z",
        "postMarketPrice": 62.19,
        "postMarketSource": "FREE_REALTIME",
        "regularMarketChangePercent": 0.013196441,
        "regularMarketChange": 0.80999756,
        "regularMarketTime": "2023-01-06T21:00:01.000Z",
        "priceHint": 2,
        "regularMarketPrice": 62.19,
        "regularMarketDayHigh": 62.3175,
        "regularMarketDayLow": 61.11,
        "regularMarketVolume": 142170,
        "averageDailyVolume10Day": 238710,
        "averageDailyVolume3Month": 309443,
        "regularMarketPreviousClose": 61.38,
        "regularMarketSource": "DELAYED",
        "regularMarketOpen": 61.77,
        "exchange": "NYQ",
        "exchangeName": "NYSE",
        "exchangeDataDelayedBy": 0,
        "marketState": "CLOSED",
        "quoteType": "EQUITY",
        "symbol": "AGO",
        "underlyingSymbol": null,
        "shortName": "Assured Guaranty Ltd.",
        "longName": "Assured Guaranty Ltd.",
        "currency": "USD",
        "quoteSourceName": "Nasdaq Real Time Price",
        "currencySymbol": "$",
        "fromCurrency": null,
        "toCurrency": null,
        "lastMarket": null,
        "marketCap": 3731057920
    },
    "defaultKeyStatistics": {
        "maxAge": 1,
        "priceHint": 2,
        "enterpriseValue": 3958206464,
        "forwardPE": 15.586466,
        "profitMargins": 0.37709,
        "floatShares": 57095058,
        "sharesOutstanding": 59994500,
        "sharesShort": 1329134,
        "sharesShortPriorMonth": 1354841,
        "sharesShortPreviousMonthDate": 1668470400,
        "dateShortInterest": 1671062400,
        "sharesPercentSharesOut": 0.0222,
        "heldPercentInsiders": 0.05982,
        "heldPercentInstitutions": 0.93658996,
        "shortRatio": 4.32,
        "shortPercentOfFloat": 0.040599998,
        "beta": 1.137571,
        "impliedSharesOutstanding": 0,
        "category": null,
        "bookValue": 81.225,
        "priceToBook": 0.765651,
        "fundFamily": null,
        "legalType": null,
        "lastFiscalYearEnd": "2021-12-31T00:00:00.000Z",
        "nextFiscalYearEnd": "2023-12-31T00:00:00.000Z",
        "mostRecentQuarter": "2022-09-30T00:00:00.000Z",
        "earningsQuarterlyGrowth": -0.353,
        "netIncomeToCommon": 293000000,
        "trailingEps": 3.97,
        "forwardEps": 3.99,
        "pegRatio": 4.33,
        "lastSplitFactor": null,
        "enterpriseToRevenue": 5.094,
        "enterpriseToEbitda": 7.094,
        "52WeekChange": 0.15616286,
        "SandP52WeekChange": -0.16598755,
        "lastDividendValue": 0.25,
        "lastDividendDate": 1668470400
    },
    "summaryProfile": {
        "address1": "30 Woodbourne Avenue",
        "city": "Hamilton",
        "zip": "HM 08",
        "country": "Bermuda",
        "fax": "441 279 5701",
        "website": "https://www.assuredguaranty.com",
        "industry": "Insuranceâ€”Specialty",
        "sector": "Financial Services",
        "longBusinessSummary": "Assured Guaranty Ltd., through its subsidiaries, provides credit protection products to public finance, infrastructure, and structured finance markets in the United States and internationally. The company operates in two segments, Insurance and Asset Management. It offers financial guaranty insurance that protects holders of debt instruments and other monetary obligations from defaults in scheduled payments. The company insures and reinsures various debt obligations, including bonds issued by the United States state governmental authorities; and notes issued to finance infrastructure projects. It also insures and reinsures various the U.S. public finance obligations, such as general obligation, tax-backed, municipal utility, transportation, healthcare, higher education, infrastructure, housing revenue, investor-owned utility, renewable energy, and other public finance bonds. Further, it is involved in insuring and reinsuring of non-U.S. public finance obligations comprising regulated utilities, infrastructure finance, sovereign and sub-sovereign, renewable energy bonds, pooled infrastructure, and other public finance obligations; and the U.S. and non-U.S. Structured finance obligations, including residential mortgage-backed securities, life insurance transactions, consumer receivables securities, pooled corporate obligations, financial products, and other structured finance securities. Additionally, the company offers specialty insurance and reinsurance that include life and aircraft residual value insurance transactions; and asset management services comprising investment advisory services, including management of collateralized loan obligations, and opportunity and liquid strategy funds. It markets its financial guaranty insurance directly to issuers and underwriters of public finance and structured finance securities, as well as to investors in such obligations. Assured Guaranty Ltd. was incorporated in 2003 and is headquartered in Hamilton, Bermuda.",
        "fullTimeEmployees": 407,
        "companyOfficers": [],
        "maxAge": 86400
    },
    "financialData": {
        "maxAge": 86400,
        "currentPrice": 62.19,
        "targetHighPrice": 84,
        "targetLowPrice": 65,
        "targetMeanPrice": 74.75,
        "targetMedianPrice": 75,
        "recommendationMean": 1.8,
        "recommendationKey": "buy",
        "numberOfAnalystOpinions": 4,
        "totalCash": 1924999936,
        "totalCashPerShare": 32.106,
        "ebitda": 558000000,
        "totalDebt": 1931000064,
        "quickRatio": 0.89,
        "currentRatio": 0.909,
        "totalRevenue": 777000000,
        "debtToEquity": 37.321,
        "revenuePerShare": 11.908,
        "returnOnAssets": 0.01995,
        "returnOnEquity": 0.05825,
        "grossProfits": 950000000,
        "freeCashflow": 44875000,
        "operatingCashflow": -1992999936,
        "earningsGrowth": -0.19,
        "revenueGrowth": -0.493,
        "grossMargins": 1.23166,
        "ebitdaMargins": 0.71815,
        "operatingMargins": 0.70399004,
        "profitMargins": 0.37709,
        "financialCurrency": "USD"
    }
}