{
    "info": {
        "Nasdaq_Traded": "Y",
        "Symbol": "AMKR",
        "Security_Name": "Amkor Technology, Inc. - Common Stock",
        "Listing_Exchange": "Q",
        "Market_Category": "Q",
        "ETF": "N",
        "Round_Lot_Size": "100.0",
        "Test_Issue": "N",
        "Financial_Status": "N",
        "CQS_Symbol": "",
        "NASDAQ_Symbol": "AMKR",
        "NextShares": "N"
    },
    "history": [],
    "recommendationTrend": {
        "trend": [
            {
                "period": "0m",
                "strongBuy": 0,
                "buy": 0,
                "hold": 2,
                "sell": 0,
                "strongSell": 1
            },
            {
                "period": "-1m",
                "strongBuy": 0,
                "buy": 2,
                "hold": 1,
                "sell": 0,
                "strongSell": 0
            },
            {
                "period": "-2m",
                "strongBuy": 0,
                "buy": 2,
                "hold": 1,
                "sell": 0,
                "strongSell": 0
            },
            {
                "period": "-3m",
                "strongBuy": 0,
                "buy": 0,
                "hold": 2,
                "sell": 0,
                "strongSell": 1
            }
        ],
        "maxAge": 86400
    },
    "summaryDetail": {
        "maxAge": 1,
        "priceHint": 2,
        "previousClose": 25.84,
        "open": 26.4,
        "dayLow": 26.25,
        "dayHigh": 27.43,
        "regularMarketPreviousClose": 25.84,
        "regularMarketOpen": 26.4,
        "regularMarketDayLow": 26.25,
        "regularMarketDayHigh": 27.43,
        "dividendRate": 0.2,
        "dividendYield": 0.01,
        "exDividendDate": "2022-09-02T00:00:00.000Z",
        "payoutRatio": 0.0674,
        "beta": 1.522476,
        "trailingPE": 16.824324,
        "forwardPE": 14.569149,
        "volume": 865342,
        "regularMarketVolume": 865342,
        "averageVolume": 962903,
        "averageVolume10days": 836760,
        "averageDailyVolume10Day": 836760,
        "bid": 27.34,
        "ask": 27.45,
        "bidSize": 800,
        "askSize": 800,
        "marketCap": 6697539584,
        "fiftyTwoWeekLow": 14.89,
        "fiftyTwoWeekHigh": 29.1,
        "priceToSalesTrailing12Months": 1.0292304,
        "fiftyDayAverage": 25.0612,
        "twoHundredDayAverage": 20.68055,
        "trailingAnnualDividendRate": 0.08,
        "trailingAnnualDividendYield": 0.0030959751,
        "currency": "USD",
        "fromCurrency": null,
        "lastMarket": null,
        "algorithm": null,
        "tradeable": false
    },
    "earnings": {
        "maxAge": 86400,
        "earningsChart": {
            "quarterly": [
                {
                    "date": "4Q2020",
                    "actual": 0.52,
                    "estimate": 0.37
                },
                {
                    "date": "1Q2021",
                    "actual": 0.49,
                    "estimate": 0.46
                },
                {
                    "date": "1Q2022",
                    "actual": 0.69,
                    "estimate": 0.57
                },
                {
                    "date": "2Q2022",
                    "actual": 0.51,
                    "estimate": 0.48
                }
            ],
            "currentQuarterEstimate": 0.93,
            "currentQuarterEstimateDate": "3Q",
            "currentQuarterEstimateYear": 2022,
            "earningsDate": [
                1676246400,
                1676592000
            ]
        },
        "financialsChart": {
            "yearly": [
                {
                    "date": 2018,
                    "revenue": 4316466000,
                    "earnings": 127092000
                },
                {
                    "date": 2019,
                    "revenue": 4052650000,
                    "earnings": 120888000
                },
                {
                    "date": 2020,
                    "revenue": 5050589000,
                    "earnings": 338138000
                },
                {
                    "date": 2021,
                    "revenue": 6138329000,
                    "earnings": 642995000
                }
            ],
            "quarterly": [
                {
                    "date": "3Q2021",
                    "revenue": 1681000000,
                    "earnings": 180854000
                },
                {
                    "date": "4Q2021",
                    "revenue": 1724644000,
                    "earnings": 216526000
                },
                {
                    "date": "1Q2022",
                    "revenue": 0,
                    "earnings": 0
                },
                {
                    "date": "2Q2022",
                    "revenue": 1504868000,
                    "earnings": 124778000
                }
            ]
        },
        "financialCurrency": "USD"
    },
    "calendarEvents": {
        "maxAge": 1,
        "earnings": {
            "earningsDate": [
                1676246400,
                1676592000
            ],
            "earningsAverage": 0.93,
            "earningsLow": 0.92,
            "earningsHigh": 0.94,
            "revenueAverage": 1930740000,
            "revenueLow": 1929990000,
            "revenueHigh": 1931500000
        },
        "exDividendDate": "2022-09-02T00:00:00.000Z",
        "dividendDate": "2022-12-27T00:00:00.000Z"
    },
    "upgradeDowngradeHistory": {
        "history": [
            {
                "epochGradeDate": "2022-06-30T00:00:00.000Z",
                "firm": "DA Davidson",
                "toGrade": "Buy",
                "fromGrade": "",
                "action": "init"
            },
            {
                "epochGradeDate": "2021-10-12T00:00:00.000Z",
                "firm": "Credit Suisse",
                "toGrade": "Neutral",
                "fromGrade": "Outperform",
                "action": "down"
            },
            {
                "epochGradeDate": "2020-09-14T00:00:00.000Z",
                "firm": "Credit Suisse",
                "toGrade": "Outperform",
                "fromGrade": "Neutral",
                "action": "up"
            },
            {
                "epochGradeDate": "2020-04-29T00:00:00.000Z",
                "firm": "Citigroup",
                "toGrade": "Sell",
                "fromGrade": "",
                "action": "main"
            },
            {
                "epochGradeDate": "2020-04-28T00:00:00.000Z",
                "firm": "Sidoti & Co.",
                "toGrade": "Buy",
                "fromGrade": "",
                "action": "main"
            },
            {
                "epochGradeDate": "2020-04-28T00:00:00.000Z",
                "firm": "Deutsche Bank",
                "toGrade": "Hold",
                "fromGrade": "",
                "action": "main"
            },
            {
                "epochGradeDate": "2020-04-28T00:00:00.000Z",
                "firm": "Credit Suisse",
                "toGrade": "Neutral",
                "fromGrade": "Outperform",
                "action": "down"
            },
            {
                "epochGradeDate": "2020-03-27T00:00:00.000Z",
                "firm": "Deutsche Bank",
                "toGrade": "Hold",
                "fromGrade": "",
                "action": "main"
            },
            {
                "epochGradeDate": "2019-10-29T00:00:00.000Z",
                "firm": "Credit Suisse",
                "toGrade": "Outperform",
                "fromGrade": "Neutral",
                "action": "up"
            },
            {
                "epochGradeDate": "2018-10-31T00:00:00.000Z",
                "firm": "Citigroup",
                "toGrade": "Sell",
                "fromGrade": "Sell",
                "action": "main"
            },
            {
                "epochGradeDate": "2018-10-30T00:00:00.000Z",
                "firm": "Deutsche Bank",
                "toGrade": "Hold",
                "fromGrade": "Hold",
                "action": "main"
            },
            {
                "epochGradeDate": "2018-07-31T00:00:00.000Z",
                "firm": "Deutsche Bank",
                "toGrade": "Hold",
                "fromGrade": "Hold",
                "action": "main"
            },
            {
                "epochGradeDate": "2018-04-30T00:00:00.000Z",
                "firm": "Citigroup",
                "toGrade": "Sell",
                "fromGrade": "Sell",
                "action": "main"
            },
            {
                "epochGradeDate": "2016-08-03T00:00:00.000Z",
                "firm": "Citigroup",
                "toGrade": "Sell",
                "fromGrade": "",
                "action": "main"
            },
            {
                "epochGradeDate": "2016-05-25T00:00:00.000Z",
                "firm": "Citigroup",
                "toGrade": "Sell",
                "fromGrade": "Neutral",
                "action": "down"
            },
            {
                "epochGradeDate": "2015-09-15T00:00:00.000Z",
                "firm": "Citigroup",
                "toGrade": "Neutral",
                "fromGrade": "Buy",
                "action": "down"
            },
            {
                "epochGradeDate": "2015-02-10T00:00:00.000Z",
                "firm": "Deutsche Bank",
                "toGrade": "Hold",
                "fromGrade": "",
                "action": "main"
            },
            {
                "epochGradeDate": "2014-10-28T00:00:00.000Z",
                "firm": "Credit Suisse",
                "toGrade": "Neutral",
                "fromGrade": "",
                "action": "main"
            },
            {
                "epochGradeDate": "2014-08-08T00:00:00.000Z",
                "firm": "Citigroup",
                "toGrade": "Buy",
                "fromGrade": "",
                "action": "main"
            },
            {
                "epochGradeDate": "2014-07-29T00:00:00.000Z",
                "firm": "Deutsche Bank",
                "toGrade": "Buy",
                "fromGrade": "",
                "action": "main"
            },
            {
                "epochGradeDate": "2014-04-29T00:00:00.000Z",
                "firm": "Topeka Capital",
                "toGrade": "Buy",
                "fromGrade": "",
                "action": "main"
            },
            {
                "epochGradeDate": "2014-04-29T00:00:00.000Z",
                "firm": "Deutsche Bank",
                "toGrade": "Hold",
                "fromGrade": "",
                "action": "main"
            },
            {
                "epochGradeDate": "2014-04-22T00:00:00.000Z",
                "firm": "Citigroup",
                "toGrade": "Buy",
                "fromGrade": "",
                "action": "main"
            },
            {
                "epochGradeDate": "2013-11-11T00:00:00.000Z",
                "firm": "Sidoti & Co.",
                "toGrade": "Neutral",
                "fromGrade": "Buy",
                "action": "down"
            },
            {
                "epochGradeDate": "2013-06-12T00:00:00.000Z",
                "firm": "Sidoti & Co.",
                "toGrade": "Buy",
                "fromGrade": "",
                "action": "init"
            },
            {
                "epochGradeDate": "2013-06-06T00:00:00.000Z",
                "firm": "Topeka Capital",
                "toGrade": "Buy",
                "fromGrade": "",
                "action": "init"
            },
            {
                "epochGradeDate": "2012-07-27T00:00:00.000Z",
                "firm": "Deutsche Bank",
                "toGrade": "Hold",
                "fromGrade": "",
                "action": "main"
            }
        ],
        "maxAge": 86400
    },
    "price": {
        "maxAge": 1,
        "preMarketSource": "FREE_REALTIME",
        "postMarketChangePercent": 0,
        "postMarketChange": 0,
        "postMarketTime": "2023-01-07T00:50:48.000Z",
        "postMarketPrice": 27.39,
        "postMarketSource": "FREE_REALTIME",
        "regularMarketChangePercent": 0.05998449,
        "regularMarketChange": 1.5499992,
        "regularMarketTime": "2023-01-06T21:00:04.000Z",
        "priceHint": 2,
        "regularMarketPrice": 27.39,
        "regularMarketDayHigh": 27.43,
        "regularMarketDayLow": 26.25,
        "regularMarketVolume": 865342,
        "averageDailyVolume10Day": 836760,
        "averageDailyVolume3Month": 962903,
        "regularMarketPreviousClose": 25.84,
        "regularMarketSource": "FREE_REALTIME",
        "regularMarketOpen": 26.4,
        "exchange": "NMS",
        "exchangeName": "NasdaqGS",
        "exchangeDataDelayedBy": 0,
        "marketState": "CLOSED",
        "quoteType": "EQUITY",
        "symbol": "AMKR",
        "underlyingSymbol": null,
        "shortName": "Amkor Technology, Inc.",
        "longName": "Amkor Technology, Inc.",
        "currency": "USD",
        "quoteSourceName": "Nasdaq Real Time Price",
        "currencySymbol": "$",
        "fromCurrency": null,
        "lastMarket": null,
        "marketCap": 6697539584
    },
    "defaultKeyStatistics": {
        "maxAge": 1,
        "priceHint": 2,
        "enterpriseValue": 5189480960,
        "forwardPE": 8.586206,
        "profitMargins": 0.10647,
        "floatShares": 85984689,
        "sharesOutstanding": 244524992,
        "sharesShort": 4867155,
        "sharesShortPriorMonth": 3714577,
        "sharesShortPreviousMonthDate": 1663200000,
        "dateShortInterest": 1665705600,
        "sharesPercentSharesOut": 0.0199,
        "heldPercentInsiders": 0.58629,
        "heldPercentInstitutions": 0.39735,
        "shortRatio": 5.68,
        "shortPercentOfFloat": 0.0856,
        "beta": 1.522476,
        "category": null,
        "bookValue": 9.987,
        "priceToBook": 2.7425652,
        "fundFamily": null,
        "legalType": null,
        "lastFiscalYearEnd": "2021-12-31T00:00:00.000Z",
        "nextFiscalYearEnd": "2023-12-31T00:00:00.000Z",
        "mostRecentQuarter": "2022-06-30T00:00:00.000Z",
        "earningsQuarterlyGrowth": -0.008,
        "netIncomeToCommon": 692820992,
        "trailingEps": 1.628,
        "forwardEps": 1.88,
        "pegRatio": 0.65,
        "lastSplitFactor": null,
        "enterpriseToRevenue": 0.797,
        "enterpriseToEbitda": 3.685
    },
    "summaryProfile": {
        "address1": "2045 East Innovation Circle",
        "city": "Tempe",
        "state": "AZ",
        "zip": "85284",
        "country": "United States",
        "phone": "480 821 5000",
        "fax": "480 821 8276",
        "website": "https://amkor.com",
        "industry": "Semiconductors",
        "sector": "Technology",
        "longBusinessSummary": "Amkor Technology, Inc. provides outsourced semiconductor packaging and test services in the United States, Japan, Europe, the Middle East, Africa, and the rest of the Asia Pacific. It offers turnkey packaging and test services, including semiconductor wafer bump, wafer probe, wafer back-grind, package design, packaging, and test and drop shipment services. The company also provides flip chip-scale package products for use in smartphones, tablets, and other mobile consumer electronic devices; flip-chip stacked chip-scale packages that are used to stack memory on top of digital baseband, and as applications processors in mobile devices; and flip-chip ball grid array packages for various networking, storage, computing, and consumer applications. In addition, it offers wafer-level CSP packages that are used in power management, transceivers, sensors, wireless charging, codecs, radar, and specialty silicon; wafer-level fan-out packages for use in ICs; and silicon wafer integrated fan-out technology, which replaces a laminate substrate with a thinner structure. Further, the company provides lead frame packages that are used in electronic devices for low to medium pin count analog and mixed-signal applications; substrate-based wirebond packages, which are used to connect a die to a substrate; micro-electro-mechanical systems (MEMS) packages that are miniaturized mechanical and electromechanical devices; and advanced system-in-package modules, which are used in radio frequency and front end modules, basebands, connectivity, fingerprint sensors, display and touch screen drivers, sensors and MEMS, and NAND memory and solid-state drives. It primarily serves integrated device manufacturers, fabless semiconductor companies, original equipment manufacturers, and contract foundries. Amkor Technology, Inc. was founded in 1968 and is headquartered in Tempe, Arizona.",
        "fullTimeEmployees": 30400,
        "companyOfficers": [],
        "maxAge": 86400
    },
    "financialData": {
        "maxAge": 86400,
        "currentPrice": 27.39,
        "targetHighPrice": 32,
        "targetLowPrice": 23,
        "targetMeanPrice": 26.17,
        "targetMedianPrice": 23.5,
        "recommendationMean": 2.2,
        "recommendationKey": "buy",
        "numberOfAnalystOpinions": 3,
        "totalCash": 1109058944,
        "totalCashPerShare": 4.53,
        "ebitda": 1408241024,
        "totalDebt": 1363177984,
        "quickRatio": 1.276,
        "currentRatio": 1.66,
        "totalRevenue": 6507328000,
        "debtToEquity": 42.236,
        "revenuePerShare": 26.632,
        "returnOnAssets": 0.08575,
        "returnOnEquity": 0.2395,
        "grossProfits": 1225554000,
        "freeCashflow": -60210376,
        "operatingCashflow": 1127233024,
        "earningsGrowth": 0,
        "revenueGrowth": 0.07,
        "grossMargins": 0.19389,
        "ebitdaMargins": 0.21641001,
        "operatingMargins": 0.12606,
        "profitMargins": 0.10647,
        "financialCurrency": "USD"
    }
}