{
    "info": {
        "Nasdaq_Traded": "Y",
        "Symbol": "ARLP",
        "Security_Name": "Alliance Resource Partners, L.P. - Common Units Representing Limited Partnership Interests",
        "Listing_Exchange": "Q",
        "Market_Category": "Q",
        "ETF": "N",
        "Round_Lot_Size": "100.0",
        "Test_Issue": "N",
        "Financial_Status": "N",
        "CQS_Symbol": "",
        "NASDAQ_Symbol": "ARLP",
        "NextShares": "N"
    },
    "history": [],
    "recommendationTrend": {
        "trend": [
            {
                "period": "0m",
                "strongBuy": 0,
                "buy": 3,
                "hold": 2,
                "sell": 0,
                "strongSell": 0
            },
            {
                "period": "-1m",
                "strongBuy": 1,
                "buy": 2,
                "hold": 0,
                "sell": 0,
                "strongSell": 0
            },
            {
                "period": "-2m",
                "strongBuy": 1,
                "buy": 2,
                "hold": 0,
                "sell": 0,
                "strongSell": 0
            },
            {
                "period": "-3m",
                "strongBuy": 0,
                "buy": 4,
                "hold": 2,
                "sell": 0,
                "strongSell": 0
            }
        ],
        "maxAge": 86400
    },
    "summaryDetail": {
        "maxAge": 1,
        "priceHint": 2,
        "previousClose": 19.51,
        "open": 19.55,
        "dayLow": 19.55,
        "dayHigh": 20.4963,
        "regularMarketPreviousClose": 19.51,
        "regularMarketOpen": 19.55,
        "regularMarketDayLow": 19.55,
        "regularMarketDayHigh": 20.4963,
        "dividendRate": 2,
        "dividendYield": 0.098400004,
        "exDividendDate": "2022-11-04T00:00:00.000Z",
        "payoutRatio": 0.38099998,
        "beta": 1.356681,
        "trailingPE": 6.629508,
        "forwardPE": 3.2248802,
        "volume": 416686,
        "regularMarketVolume": 416686,
        "averageVolume": 514475,
        "averageVolume10days": 588860,
        "averageDailyVolume10Day": 588860,
        "bid": 19.86,
        "ask": 20.5,
        "bidSize": 1300,
        "askSize": 800,
        "marketCap": 2571882752,
        "fiftyTwoWeekLow": 12.6,
        "fiftyTwoWeekHigh": 27.63,
        "priceToSalesTrailing12Months": 1.1801654,
        "fiftyDayAverage": 22.1848,
        "twoHundredDayAverage": 21.0086,
        "trailingAnnualDividendRate": 1.5,
        "trailingAnnualDividendYield": 0.07688365,
        "currency": "USD",
        "fromCurrency": null,
        "toCurrency": null,
        "lastMarket": null,
        "coinMarketCapLink": null,
        "algorithm": null,
        "tradeable": false
    },
    "earnings": {
        "maxAge": 86400,
        "earningsChart": {
            "quarterly": [
                {
                    "date": "4Q2021",
                    "actual": 0.41,
                    "estimate": 0.69
                },
                {
                    "date": "1Q2022",
                    "actual": 0.28,
                    "estimate": 0.57
                },
                {
                    "date": "2Q2022",
                    "actual": 1.23,
                    "estimate": 0.95
                },
                {
                    "date": "3Q2022",
                    "actual": 1.25,
                    "estimate": 1.54
                }
            ],
            "currentQuarterEstimate": 1.42,
            "currentQuarterEstimateDate": "4Q",
            "currentQuarterEstimateYear": 2022,
            "earningsDate": [
                1675085400,
                1675431000
            ]
        },
        "financialsChart": {
            "yearly": [
                {
                    "date": 2018,
                    "revenue": 2002857000,
                    "earnings": 365044000
                },
                {
                    "date": 2019,
                    "revenue": 1961720000,
                    "earnings": 399414000
                },
                {
                    "date": 2020,
                    "revenue": 1328129000,
                    "earnings": -129220000
                },
                {
                    "date": 2021,
                    "revenue": 1569976000,
                    "earnings": 178157000
                }
            ],
            "quarterly": [
                {
                    "date": "4Q2021",
                    "revenue": 473472000,
                    "earnings": 51826000
                },
                {
                    "date": "1Q2022",
                    "revenue": 0,
                    "earnings": 0
                },
                {
                    "date": "2Q2022",
                    "revenue": 616501000,
                    "earnings": 161478000
                },
                {
                    "date": "3Q2022",
                    "revenue": 628420000,
                    "earnings": 164607000
                }
            ]
        },
        "financialCurrency": "USD"
    },
    "calendarEvents": {
        "maxAge": 1,
        "earnings": {
            "earningsDate": [
                1675085400,
                1675431000
            ],
            "earningsAverage": 1.42,
            "earningsLow": 1.39,
            "earningsHigh": 1.45,
            "revenueAverage": 688090000,
            "revenueLow": 678750000,
            "revenueHigh": 698500000
        },
        "exDividendDate": "2022-11-04T00:00:00.000Z",
        "dividendDate": "2022-11-14T00:00:00.000Z"
    },
    "upgradeDowngradeHistory": {
        "history": [
            {
                "epochGradeDate": "2022-03-30T13:41:23.000Z",
                "firm": "Noble Capital Markets",
                "toGrade": "Outperform",
                "fromGrade": "",
                "action": "init"
            },
            {
                "epochGradeDate": "2020-04-17T16:18:04.000Z",
                "firm": "B. Riley FBR",
                "toGrade": "Neutral",
                "fromGrade": "",
                "action": "main"
            },
            {
                "epochGradeDate": "2020-04-08T11:12:11.000Z",
                "firm": "Benchmark",
                "toGrade": "Buy",
                "fromGrade": "",
                "action": "main"
            },
            {
                "epochGradeDate": "2020-03-31T11:22:10.000Z",
                "firm": "B. Riley FBR",
                "toGrade": "Neutral",
                "fromGrade": "",
                "action": "main"
            },
            {
                "epochGradeDate": "2020-03-25T15:14:19.000Z",
                "firm": "B. Riley FBR",
                "toGrade": "Neutral",
                "fromGrade": "",
                "action": "main"
            },
            {
                "epochGradeDate": "2020-02-04T11:52:25.000Z",
                "firm": "Benchmark",
                "toGrade": "Buy",
                "fromGrade": "",
                "action": "init"
            },
            {
                "epochGradeDate": "2019-08-19T11:59:48.000Z",
                "firm": "JP Morgan",
                "toGrade": "Neutral",
                "fromGrade": "Overweight",
                "action": "down"
            },
            {
                "epochGradeDate": "2019-07-29T11:08:16.000Z",
                "firm": "Seaport Global",
                "toGrade": "Neutral",
                "fromGrade": "Buy",
                "action": "down"
            },
            {
                "epochGradeDate": "2019-07-17T10:18:52.000Z",
                "firm": "B. Riley",
                "toGrade": "Neutral",
                "fromGrade": "Buy",
                "action": "down"
            },
            {
                "epochGradeDate": "2019-07-09T15:02:57.000Z",
                "firm": "Clarksons Platou",
                "toGrade": "Buy",
                "fromGrade": "",
                "action": "init"
            },
            {
                "epochGradeDate": "2018-05-23T13:52:53.000Z",
                "firm": "MKM Partners",
                "toGrade": "Buy",
                "fromGrade": "Neutral",
                "action": "up"
            },
            {
                "epochGradeDate": "2017-11-15T12:17:59.000Z",
                "firm": "Stifel Nicolaus",
                "toGrade": "Hold",
                "fromGrade": "",
                "action": "main"
            },
            {
                "epochGradeDate": "2016-12-20T14:06:15.000Z",
                "firm": "MKM Partners",
                "toGrade": "Neutral",
                "fromGrade": "",
                "action": "init"
            },
            {
                "epochGradeDate": "2016-10-31T13:29:38.000Z",
                "firm": "Seaport Global",
                "toGrade": "Buy",
                "fromGrade": "",
                "action": "init"
            },
            {
                "epochGradeDate": "2015-12-17T07:37:26.000Z",
                "firm": "Deutsche Bank",
                "toGrade": "Hold",
                "fromGrade": "Buy",
                "action": "down"
            },
            {
                "epochGradeDate": "2015-10-05T15:06:56.000Z",
                "firm": "Deutsche Bank",
                "toGrade": "Buy",
                "fromGrade": "",
                "action": "main"
            },
            {
                "epochGradeDate": "2015-09-18T09:48:33.000Z",
                "firm": "FBR Capital",
                "toGrade": "Outperform",
                "fromGrade": "",
                "action": "init"
            },
            {
                "epochGradeDate": "2015-07-02T07:38:13.000Z",
                "firm": "Deutsche Bank",
                "toGrade": "Buy",
                "fromGrade": "Hold",
                "action": "up"
            },
            {
                "epochGradeDate": "2015-04-06T09:00:00.000Z",
                "firm": "Deutsche Bank",
                "toGrade": "Hold",
                "fromGrade": "",
                "action": "main"
            },
            {
                "epochGradeDate": "2015-01-29T09:00:00.000Z",
                "firm": "Citigroup",
                "toGrade": "Buy",
                "fromGrade": "",
                "action": "main"
            },
            {
                "epochGradeDate": "2014-07-29T22:34:44.000Z",
                "firm": "Raymond James",
                "toGrade": "Outperform",
                "fromGrade": "",
                "action": "main"
            },
            {
                "epochGradeDate": "2014-07-29T22:26:38.000Z",
                "firm": "JP Morgan",
                "toGrade": "Neutral",
                "fromGrade": "",
                "action": "main"
            },
            {
                "epochGradeDate": "2014-07-29T21:25:00.000Z",
                "firm": "Citigroup",
                "toGrade": "Buy",
                "fromGrade": "",
                "action": "main"
            },
            {
                "epochGradeDate": "2014-05-02T01:46:26.000Z",
                "firm": "Deutsche Bank",
                "toGrade": "Hold",
                "fromGrade": "",
                "action": "main"
            },
            {
                "epochGradeDate": "2014-04-29T23:22:39.000Z",
                "firm": "Raymond James",
                "toGrade": "Outperform",
                "fromGrade": "",
                "action": "main"
            },
            {
                "epochGradeDate": "2014-04-29T21:28:44.000Z",
                "firm": "Citigroup",
                "toGrade": "Buy",
                "fromGrade": "",
                "action": "main"
            },
            {
                "epochGradeDate": "2014-01-29T08:00:00.000Z",
                "firm": "Raymond James",
                "toGrade": "Outperform",
                "fromGrade": "Strong Buy",
                "action": "down"
            },
            {
                "epochGradeDate": "2013-10-08T06:20:52.000Z",
                "firm": "JP Morgan",
                "toGrade": "Neutral",
                "fromGrade": "",
                "action": "init"
            },
            {
                "epochGradeDate": "2013-07-30T10:01:29.000Z",
                "firm": "Hilliard Lyons",
                "toGrade": "Neutral",
                "fromGrade": "Long-Term Buy",
                "action": "down"
            },
            {
                "epochGradeDate": "2013-07-30T09:32:24.000Z",
                "firm": "Hilliard Lyons",
                "toGrade": "Neutral",
                "fromGrade": "Long-Term Buy",
                "action": "down"
            },
            {
                "epochGradeDate": "2013-07-12T07:30:58.000Z",
                "firm": "Deutsche Bank",
                "toGrade": "Hold",
                "fromGrade": "Buy",
                "action": "down"
            },
            {
                "epochGradeDate": "2013-01-09T06:53:51.000Z",
                "firm": "Deutsche Bank",
                "toGrade": "Buy",
                "fromGrade": "Hold",
                "action": "up"
            },
            {
                "epochGradeDate": "2012-10-31T11:12:00.000Z",
                "firm": "Dahlman Rose",
                "toGrade": "Buy",
                "fromGrade": "",
                "action": "main"
            },
            {
                "epochGradeDate": "2012-08-23T08:32:00.000Z",
                "firm": "Global Hunter Securities",
                "toGrade": "Neutral",
                "fromGrade": "",
                "action": "init"
            },
            {
                "epochGradeDate": "2012-07-16T06:44:00.000Z",
                "firm": "Citigroup",
                "toGrade": "Buy",
                "fromGrade": "",
                "action": "main"
            },
            {
                "epochGradeDate": "2012-05-21T06:26:00.000Z",
                "firm": "Dahlman Rose",
                "toGrade": "Buy",
                "fromGrade": "",
                "action": "init"
            }
        ],
        "maxAge": 86400
    },
    "price": {
        "maxAge": 1,
        "preMarketSource": "FREE_REALTIME",
        "postMarketChangePercent": 0.012363996,
        "postMarketChange": 0.25,
        "postMarketTime": "2023-01-06T23:46:01.000Z",
        "postMarketPrice": 20.47,
        "postMarketSource": "DELAYED",
        "regularMarketChangePercent": 0.036391545,
        "regularMarketChange": 0.7099991,
        "regularMarketTime": "2023-01-06T21:00:04.000Z",
        "priceHint": 2,
        "regularMarketPrice": 20.22,
        "regularMarketDayHigh": 20.4963,
        "regularMarketDayLow": 19.55,
        "regularMarketVolume": 416686,
        "averageDailyVolume10Day": 588860,
        "averageDailyVolume3Month": 514475,
        "regularMarketPreviousClose": 19.51,
        "regularMarketSource": "FREE_REALTIME",
        "regularMarketOpen": 19.55,
        "exchange": "NMS",
        "exchangeName": "NasdaqGS",
        "exchangeDataDelayedBy": 0,
        "marketState": "CLOSED",
        "quoteType": "EQUITY",
        "symbol": "ARLP",
        "underlyingSymbol": null,
        "shortName": "Alliance Resource Partners, L.P",
        "longName": "Alliance Resource Partners, L.P.",
        "currency": "USD",
        "quoteSourceName": "Delayed Quote",
        "currencySymbol": "$",
        "fromCurrency": null,
        "toCurrency": null,
        "lastMarket": null,
        "marketCap": 2571882752
    },
    "defaultKeyStatistics": {
        "maxAge": 1,
        "priceHint": 2,
        "enterpriseValue": 2666986240,
        "forwardPE": 3.2248802,
        "profitMargins": 0.19023001,
        "floatShares": 88017820,
        "sharesOutstanding": 127195000,
        "sharesShort": 2886190,
        "sharesShortPriorMonth": 2910282,
        "sharesShortPreviousMonthDate": 1668470400,
        "dateShortInterest": 1671062400,
        "sharesPercentSharesOut": 0.0227,
        "heldPercentInsiders": 0.28686002,
        "heldPercentInstitutions": 0.26313,
        "shortRatio": 7.38,
        "shortPercentOfFloat": 0.0322,
        "beta": 1.356681,
        "impliedSharesOutstanding": 0,
        "category": null,
        "bookValue": 11.454,
        "priceToBook": 1.765322,
        "fundFamily": null,
        "legalType": null,
        "lastFiscalYearEnd": "2021-12-31T00:00:00.000Z",
        "nextFiscalYearEnd": "2023-12-31T00:00:00.000Z",
        "mostRecentQuarter": "2022-09-30T00:00:00.000Z",
        "earningsQuarterlyGrowth": 1.86,
        "netIncomeToCommon": 401086016,
        "trailingEps": 3.05,
        "forwardEps": 6.27,
        "pegRatio": -0.68,
        "lastSplitFactor": "2:1",
        "lastSplitDate": "2014-06-17T00:00:00.000Z",
        "enterpriseToRevenue": 1.224,
        "enterpriseToEbitda": 3.461,
        "52WeekChange": 0.4726876,
        "SandP52WeekChange": -0.16598755,
        "lastDividendValue": 0.5,
        "lastDividendDate": 1667520000
    },
    "summaryProfile": {
        "address1": "1717 South Boulder Avenue",
        "address2": "Suite 400",
        "city": "Tulsa",
        "state": "OK",
        "zip": "74119",
        "country": "United States",
        "phone": "918 295 7600",
        "website": "https://www.arlp.com",
        "industry": "Thermal Coal",
        "sector": "Energy",
        "longBusinessSummary": "Alliance Resource Partners, L.P., a diversified natural resource company, produces and markets coal primarily to utilities and industrial users in the United States. The company operates through four segments: Illinois Basin Coal Operations, Appalachia Coal Operations, Oil & Gas Royalties, and Coal Royalties. It produces a range of thermal and metallurgical coal with sulfur and heat contents. The company operates seven underground mining complexes in Illinois, Indiana, Kentucky, Maryland, Pennsylvania, and West Virginia. In addition, it leases land and operates a coal loading terminal on the Ohio River at Mt. Vernon, Indiana; and buys and resells coal, as well as owns mineral and royalty interests in approximately 1.5 million gross acres of oil and gas producing regions primarily in the Permian, Anadarko, and Williston Basins. Further, the company offers various mining technology products and services, including data network, communication and tracking systems, mining proximity detection systems, industrial collision avoidance systems, and data and analytics software. As of December 31, 2021, it had approximately 547.1 million tons of proven and probable coal mineral reserves, as well as 1.17 billion tons of measured, indicated, and inferred coal mineral resources in Illinois, Indiana, Kentucky, Maryland, Pennsylvania, and West Virginia. The company was founded in 1971 and is headquartered in Tulsa, Oklahoma.",
        "fullTimeEmployees": 895,
        "companyOfficers": [],
        "maxAge": 86400
    },
    "financialData": {
        "maxAge": 86400,
        "currentPrice": 20.22,
        "targetHighPrice": 30,
        "targetLowPrice": 28,
        "targetMeanPrice": 28.67,
        "targetMedianPrice": 28,
        "recommendationMean": 1.7,
        "recommendationKey": "buy",
        "numberOfAnalystOpinions": 3,
        "totalCash": 278471008,
        "totalCashPerShare": 2.189,
        "ebitda": 770521984,
        "totalDebt": 441447008,
        "quickRatio": 1.877,
        "currentRatio": 2.338,
        "totalRevenue": 2179256064,
        "debtToEquity": 30.075,
        "revenuePerShare": 17.133,
        "returnOnAssets": 0.13376,
        "returnOnEquity": 0.31382,
        "grossProfits": 550740000,
        "freeCashflow": 253839120,
        "operatingCashflow": 662779008,
        "earningsGrowth": 1.851,
        "revenueGrowth": 0.513,
        "grossMargins": 0.39101002,
        "ebitdaMargins": 0.35356998,
        "operatingMargins": 0.22850001,
        "profitMargins": 0.19023001,
        "financialCurrency": "USD"
    }
}