{
    "info": {
        "Nasdaq_Traded": "Y",
        "Symbol": "AUDC",
        "Security_Name": "AudioCodes Ltd. - Ordinary Shares",
        "Listing_Exchange": "Q",
        "Market_Category": "Q",
        "ETF": "N",
        "Round_Lot_Size": "100.0",
        "Test_Issue": "N",
        "Financial_Status": "N",
        "CQS_Symbol": "",
        "NASDAQ_Symbol": "AUDC",
        "NextShares": "N"
    },
    "history": [],
    "recommendationTrend": {
        "trend": [
            {
                "period": "0m",
                "strongBuy": 0,
                "buy": 1,
                "hold": 0,
                "sell": 0,
                "strongSell": 0
            },
            {
                "period": "-1m",
                "strongBuy": 1,
                "buy": 1,
                "hold": 2,
                "sell": 1,
                "strongSell": 0
            },
            {
                "period": "-2m",
                "strongBuy": 1,
                "buy": 1,
                "hold": 2,
                "sell": 1,
                "strongSell": 0
            },
            {
                "period": "-3m",
                "strongBuy": 0,
                "buy": 1,
                "hold": 2,
                "sell": 0,
                "strongSell": 0
            }
        ],
        "maxAge": 86400
    },
    "summaryDetail": {
        "maxAge": 1,
        "priceHint": 2,
        "previousClose": 17.36,
        "open": 17.52,
        "dayLow": 17.22,
        "dayHigh": 17.8,
        "regularMarketPreviousClose": 17.36,
        "regularMarketOpen": 17.52,
        "regularMarketDayLow": 17.22,
        "regularMarketDayHigh": 17.8,
        "dividendRate": 0.36,
        "dividendYield": 0.0182,
        "exDividendDate": "2022-08-16T00:00:00.000Z",
        "payoutRatio": 0.3723,
        "beta": 0.668754,
        "trailingPE": 18.734177,
        "forwardPE": 10.571429,
        "volume": 45295,
        "regularMarketVolume": 45295,
        "averageVolume": 87390,
        "averageVolume10days": 79860,
        "averageDailyVolume10Day": 79860,
        "bid": 12.71,
        "ask": 20.91,
        "bidSize": 1100,
        "askSize": 1100,
        "marketCap": 586612800,
        "fiftyTwoWeekLow": 16.79,
        "fiftyTwoWeekHigh": 34.75,
        "priceToSalesTrailing12Months": 2.2201345,
        "fiftyDayAverage": 18.7936,
        "twoHundredDayAverage": 21.6249,
        "trailingAnnualDividendRate": 0.19,
        "trailingAnnualDividendYield": 0.0109447,
        "currency": "USD",
        "fromCurrency": null,
        "lastMarket": null,
        "algorithm": null,
        "tradeable": false
    },
    "earnings": {
        "maxAge": 86400,
        "earningsChart": {
            "quarterly": [
                {
                    "date": "3Q2021",
                    "actual": 0.38,
                    "estimate": 0.38
                },
                {
                    "date": "4Q2021",
                    "actual": 0.39,
                    "estimate": 0.39
                },
                {
                    "date": "1Q2022",
                    "actual": 0.33,
                    "estimate": 0.35
                },
                {
                    "date": "2Q2022",
                    "actual": 0.34,
                    "estimate": 0.34
                }
            ],
            "currentQuarterEstimate": 0.34,
            "currentQuarterEstimateDate": "3Q",
            "currentQuarterEstimateYear": 2022,
            "earningsDate": [
                1675036800,
                1675382400
            ]
        },
        "financialsChart": {
            "yearly": [
                {
                    "date": 2018,
                    "revenue": 176223000,
                    "earnings": 13493000
                },
                {
                    "date": 2019,
                    "revenue": 200287000,
                    "earnings": 3977000
                },
                {
                    "date": 2020,
                    "revenue": 220774000,
                    "earnings": 27248000
                },
                {
                    "date": 2021,
                    "revenue": 248920000,
                    "earnings": 33751000
                }
            ],
            "quarterly": [
                {
                    "date": "3Q2021",
                    "revenue": 63408000,
                    "earnings": 8263000
                },
                {
                    "date": "4Q2021",
                    "revenue": 66099000,
                    "earnings": 7255000
                },
                {
                    "date": "1Q2022",
                    "revenue": 0,
                    "earnings": 0
                },
                {
                    "date": "2Q2022",
                    "revenue": 68360000,
                    "earnings": 6936000
                }
            ]
        },
        "financialCurrency": "USD"
    },
    "calendarEvents": {
        "maxAge": 1,
        "earnings": {
            "earningsDate": [
                1675036800,
                1675382400
            ],
            "earningsAverage": 0.34,
            "earningsLow": 0.34,
            "earningsHigh": 0.35,
            "revenueAverage": 70620000,
            "revenueLow": 70000000,
            "revenueHigh": 71300000
        },
        "exDividendDate": "2022-08-16T00:00:00.000Z",
        "dividendDate": "2022-08-31T00:00:00.000Z"
    },
    "upgradeDowngradeHistory": {
        "history": [
            {
                "epochGradeDate": "2022-05-03T00:00:00.000Z",
                "firm": "Needham",
                "toGrade": "Buy",
                "fromGrade": "",
                "action": "main"
            },
            {
                "epochGradeDate": "2022-04-26T00:00:00.000Z",
                "firm": "Barclays",
                "toGrade": "Underweight",
                "fromGrade": "",
                "action": "main"
            },
            {
                "epochGradeDate": "2022-02-02T00:00:00.000Z",
                "firm": "Needham",
                "toGrade": "Buy",
                "fromGrade": "",
                "action": "main"
            },
            {
                "epochGradeDate": "2022-01-31T00:00:00.000Z",
                "firm": "Sidoti & Co.",
                "toGrade": "Buy",
                "fromGrade": "Neutral",
                "action": "up"
            },
            {
                "epochGradeDate": "2022-01-24T00:00:00.000Z",
                "firm": "Barclays",
                "toGrade": "Underweight",
                "fromGrade": "",
                "action": "main"
            },
            {
                "epochGradeDate": "2021-10-22T00:00:00.000Z",
                "firm": "Sidoti & Co.",
                "toGrade": "Neutral",
                "fromGrade": "Buy",
                "action": "down"
            },
            {
                "epochGradeDate": "2021-10-21T00:00:00.000Z",
                "firm": "Jefferies",
                "toGrade": "Hold",
                "fromGrade": "Buy",
                "action": "down"
            },
            {
                "epochGradeDate": "2021-06-30T00:00:00.000Z",
                "firm": "Barclays",
                "toGrade": "Underweight",
                "fromGrade": "Equal-Weight",
                "action": "down"
            },
            {
                "epochGradeDate": "2021-06-22T00:00:00.000Z",
                "firm": "Needham",
                "toGrade": "Buy",
                "fromGrade": "",
                "action": "init"
            },
            {
                "epochGradeDate": "2020-08-26T00:00:00.000Z",
                "firm": "Barclays",
                "toGrade": "Equal-Weight",
                "fromGrade": "",
                "action": "init"
            },
            {
                "epochGradeDate": "2020-08-13T00:00:00.000Z",
                "firm": "Citigroup",
                "toGrade": "Neutral",
                "fromGrade": "",
                "action": "init"
            },
            {
                "epochGradeDate": "2020-07-29T00:00:00.000Z",
                "firm": "Jefferies",
                "toGrade": "Buy",
                "fromGrade": "",
                "action": "main"
            },
            {
                "epochGradeDate": "2020-07-21T00:00:00.000Z",
                "firm": "B of A Securities",
                "toGrade": "Buy",
                "fromGrade": "",
                "action": "init"
            },
            {
                "epochGradeDate": "2020-07-16T00:00:00.000Z",
                "firm": "Needham",
                "toGrade": "Buy",
                "fromGrade": "Hold",
                "action": "up"
            },
            {
                "epochGradeDate": "2020-07-14T00:00:00.000Z",
                "firm": "Jefferies",
                "toGrade": "Buy",
                "fromGrade": "",
                "action": "init"
            },
            {
                "epochGradeDate": "2020-04-14T00:00:00.000Z",
                "firm": "Needham",
                "toGrade": "Hold",
                "fromGrade": "Buy",
                "action": "down"
            },
            {
                "epochGradeDate": "2020-03-18T00:00:00.000Z",
                "firm": "Sidoti & Co.",
                "toGrade": "Buy",
                "fromGrade": "",
                "action": "main"
            },
            {
                "epochGradeDate": "2014-04-29T00:00:00.000Z",
                "firm": "William Blair",
                "toGrade": "Outperform",
                "fromGrade": "",
                "action": "init"
            },
            {
                "epochGradeDate": "2013-10-08T00:00:00.000Z",
                "firm": "Oppenheimer",
                "toGrade": "Market Perform",
                "fromGrade": "Outperform",
                "action": "down"
            },
            {
                "epochGradeDate": "2013-01-31T00:00:00.000Z",
                "firm": "Oppenheimer",
                "toGrade": "Outperform",
                "fromGrade": "Market Perform",
                "action": "up"
            },
            {
                "epochGradeDate": "2012-03-28T00:00:00.000Z",
                "firm": "Oppenheimer",
                "toGrade": "Perform",
                "fromGrade": "Outperform",
                "action": "down"
            }
        ],
        "maxAge": 86400
    },
    "price": {
        "maxAge": 1,
        "preMarketSource": "FREE_REALTIME",
        "postMarketChangePercent": 0,
        "postMarketChange": 0,
        "postMarketTime": "2023-01-06T21:00:03.000Z",
        "postMarketPrice": 17.76,
        "postMarketSource": "FREE_REALTIME",
        "regularMarketChangePercent": 0.023041451,
        "regularMarketChange": 0.39999962,
        "regularMarketTime": "2023-01-06T21:00:04.000Z",
        "priceHint": 2,
        "regularMarketPrice": 17.76,
        "regularMarketDayHigh": 17.8,
        "regularMarketDayLow": 17.22,
        "regularMarketVolume": 45295,
        "averageDailyVolume10Day": 79860,
        "averageDailyVolume3Month": 87390,
        "regularMarketPreviousClose": 17.36,
        "regularMarketSource": "FREE_REALTIME",
        "regularMarketOpen": 17.52,
        "exchange": "NMS",
        "exchangeName": "NasdaqGS",
        "exchangeDataDelayedBy": 0,
        "marketState": "CLOSED",
        "quoteType": "EQUITY",
        "symbol": "AUDC",
        "underlyingSymbol": null,
        "shortName": "AudioCodes Ltd.",
        "longName": "AudioCodes Ltd.",
        "currency": "USD",
        "quoteSourceName": "Nasdaq Real Time Price",
        "currencySymbol": "$",
        "fromCurrency": null,
        "lastMarket": null,
        "marketCap": 586612800
    },
    "defaultKeyStatistics": {
        "maxAge": 1,
        "priceHint": 2,
        "enterpriseValue": 587775104,
        "forwardPE": 10.571429,
        "profitMargins": 0.11756,
        "floatShares": 24998693,
        "sharesOutstanding": 32304700,
        "sharesShort": 125678,
        "sharesShortPriorMonth": 89071,
        "sharesShortPreviousMonthDate": 1663200000,
        "dateShortInterest": 1665705600,
        "sharesPercentSharesOut": 0.004,
        "heldPercentInsiders": 0.24312,
        "heldPercentInstitutions": 0.43078998,
        "shortRatio": 1.91,
        "shortPercentOfFloat": 0.0046,
        "beta": 0.668754,
        "category": null,
        "bookValue": 6.239,
        "priceToBook": 2.84661,
        "fundFamily": null,
        "legalType": null,
        "lastFiscalYearEnd": "2021-12-31T00:00:00.000Z",
        "nextFiscalYearEnd": "2023-12-31T00:00:00.000Z",
        "mostRecentQuarter": "2022-06-30T00:00:00.000Z",
        "earningsQuarterlyGrowth": -0.158,
        "netIncomeToCommon": 31062000,
        "trailingEps": 0.948,
        "forwardEps": 1.68,
        "pegRatio": 1.06,
        "lastSplitFactor": "2:1",
        "lastSplitDate": "2000-10-10T00:00:00.000Z",
        "enterpriseToRevenue": 2.225,
        "enterpriseToEbitda": 15.476
    },
    "summaryProfile": {
        "address1": "1 Hayarden Street",
        "address2": "Airport City",
        "city": "Lod",
        "zip": "7019900",
        "country": "Israel",
        "phone": "972 3 976 4099",
        "fax": "972 3 976 4040",
        "website": "https://www.audiocodes.com",
        "industry": "Communication Equipment",
        "sector": "Technology",
        "longBusinessSummary": "AudioCodes Ltd. provides advanced communications software, products, and productivity solutions for the digital workplace. The company offers solutions, products, and services for unified communications, contact centers, VoiceAI business line, and service provider business. Its products include session border controllers, life cycle management solutions, VoIP network routing solutions, media gateways and servers, multi-service business routers, IP phones solutions, and value-added applications, as well as professional services. The company also offers One Voice Operations Center, a voice network management solution; Device Manager for administering business phones and meeting room solutions; AudioCodes Routing Manager for handling call routing in VoIP networks; and User Management Pack 365 simplifies user lifecycle and identity management across Microsoft Teams and Skype for Business deployments. In addition, it provides AudioCodes Live for Microsoft Teams, a portfolio of managed services for simplifying Teams adoption; appliances for Microsoft Skype/Teams for Business such as survivable branch appliances, CCE, and CloudBond 365; and a range of value-added voice applications comprising SmartTAP, Voca, VoiceAI Connect, and Meeting Insights. Further, the company offers managed services; and AudioCodes Live Cloud, a Microsoft Teams software as a service solution that enables service providers to offer their business customers a seamless migration to Microsoft Teams. It primarily markets and sells its products through a direct sales force and sales representatives to original equipment manufacturers, network equipment providers, and systems integrators and distributors in the telecommunications and networking industries. The company primarily operates in the Americas, Europe, the Far East, and Israel. AudioCodes Ltd. was incorporated in 1992 and is headquartered in Lod, Israel.",
        "fullTimeEmployees": 885,
        "companyOfficers": [],
        "maxAge": 86400
    },
    "financialData": {
        "maxAge": 86400,
        "currentPrice": 17.76,
        "recommendationKey": "none",
        "totalCash": 57841000,
        "totalCashPerShare": 1.818,
        "ebitda": 37981000,
        "totalDebt": 16116000,
        "quickRatio": 1.186,
        "currentRatio": 1.475,
        "totalRevenue": 264224000,
        "debtToEquity": 8.816,
        "revenuePerShare": 8.187,
        "returnOnAssets": 0.06513,
        "returnOnEquity": 0.15787,
        "grossProfits": 170891000,
        "freeCashflow": 32765750,
        "operatingCashflow": 23022000,
        "earningsGrowth": -0.128,
        "revenueGrowth": 0.129,
        "grossMargins": 0.67151,
        "ebitdaMargins": 0.14374,
        "operatingMargins": 0.13338,
        "profitMargins": 0.11756,
        "financialCurrency": "USD"
    }
}